@misc{Django,
title={Django Documentation},
howpublished = {\url{https://docs.djangoproject.com/en/1.9/}},
note = {[2016-5-10]}
}

@misc{rest,
title={REST framework Documentation},
howpublished = {\url{http://www.django-rest-framework.org/}},
note = {[2016-5-10]}
}

@article{misof,
    author =       "Michal Foríšek",
    title =        "Security of Programming Contest Systems",
    journal =      "Information Technologies at School 2006, pp. 553--563.",
}

@misc{mares,
    author =       "Martin Mareš, Bernard Blackham",
    title =        "A New Contest Sandbox",
    journal =      "Olympiads in informatics, 2012, Vol. 6, 100-109",
    DOI =          "http://www.ioinformatics.org/oi/pdf/INFOL094.pdf",
}

@misc{FBlogin,
title={Facebook Login for the Web with the JavaScript SDK},
howpublished = {\url{https://developers.facebook.com/docs/facebook-login/web}},
note = {[2015-12-07]}
}
